<record xmlns="http://www.loc.gov/MARC21/slim" xmlns:xsi="http://www.w3.org/2001/XMLSchema-instance" xsi:schemaLocation="http://www.loc.gov/MARC21/slim http://www.loc.gov/standards/marcxml/schema/MARC21slim.xsd"><leader>     nam a22        4500</leader><controlfield tag="001">3059261</controlfield><controlfield tag="003">NNC</controlfield><controlfield tag="006">m        d        </controlfield><controlfield tag="007">cr cn |||m|||a</controlfield><controlfield tag="008">150316s1938    ua      ob    000 0 araod</controlfield><datafield ind1=" " ind2=" " tag="040"><subfield code="a">NNU</subfield><subfield code="b">eng</subfield><subfield code="e">rda</subfield><subfield code="c">NNU</subfield></datafield><datafield ind1=" " ind2="4" tag="050"><subfield code="a">BP175.H3I13A15</subfield><subfield code="b">Y16 1938</subfield></datafield><datafield ind1="1" ind2=" " tag="100"><subfield code="6">880-01</subfield><subfield code="a">Ibn Abi&#772; Ya&#699;l&#697;a, Muh&#803;ammad ibn Muh&#803;ammad,</subfield><subfield code="d">1059-1131.</subfield></datafield><datafield ind1="1" ind2="3" tag="245"><subfield code="6">880-02</subfield><subfield code="a">al-Ah&#803;ka&#772;m al-sult&#803;a&#772;ni&#772;yah /</subfield><subfield code="c">li-Abi&#772; Ya&#699;l&#697;a Muh&#803;ammad ibn al-H&#803;usayn al-Farra&#772;&#700; al-H&#803;anbali&#772;.</subfield></datafield><datafield ind1=" " ind2=" " tag="260"><subfield code="6">880-03</subfield><subfield code="a">al-Qah&#772;irah :</subfield><subfield code="b">Sharikat Maktabat Mus&#803;t&#803;af&#697;a al-Ba&#772;bi&#772; al-H&#803;alabi&#772;,</subfield><subfield code="c">[1938]</subfield></datafield><datafield ind1=" " ind2=" " tag="300"><subfield code="a">online resource (292 pages)</subfield></datafield><datafield ind1=" " ind2=" " tag="336"><subfield code="a">text</subfield><subfield code="2">rdacontent</subfield></datafield><datafield ind1=" " ind2=" " tag="337"><subfield code="a">computer</subfield><subfield code="2">rdamedia</subfield></datafield><datafield ind1=" " ind2=" " tag="338"><subfield code="a">online resource</subfield><subfield code="2">rdacarrier</subfield></datafield><datafield ind1=" " ind2=" " tag="500"><subfield code="a">Cover title.</subfield></datafield><datafield ind1=" " ind2=" " tag="500"><subfield code="a">Part of the Arabic Collections Online (ACO) project, contributed by Columbia University Libraries.</subfield></datafield><datafield ind1=" " ind2=" " tag="504"><subfield code="a">Includes bibliographical references.</subfield></datafield><datafield ind1=" " ind2=" " tag="533"><subfield code="a">Electronic reproduction.</subfield><subfield code="b">New York, N.Y. :</subfield><subfield code="c">New York University,</subfield><subfield code="d">2015.</subfield><subfield code="5">NNU</subfield></datafield><datafield ind1=" " ind2="0" tag="650"><subfield code="a">Hanbalites.</subfield></datafield><datafield ind1=" " ind2="7" tag="650"><subfield code="a">Hanbalites.</subfield><subfield code="2">fast</subfield><subfield code="0">(OCoLC)fst00950821</subfield></datafield><datafield ind1="2" ind2=" " tag="710"><subfield code="a">Columbia University.</subfield><subfield code="b">Libraries.</subfield></datafield><datafield ind1="0" ind2=" " tag="730"><subfield code="a">Arabic Collections Online.</subfield></datafield><datafield ind1="0" ind2="8" tag="776"><subfield code="i">Online version:</subfield><subfield code="a">Ibn Abi&#772; Ya&#699;l&#697;a, Muh&#803;ammad ibn Muh&#803;ammad, 1059-1131.</subfield><subfield code="t">Ah&#803;ka&#772;m al-sult&#803;a&#772;ni&#772;yah.</subfield><subfield code="d">al-Qah&#772;irah : Sharikat Maktabat Mus&#803;t&#803;af&#697;a al-Ba&#772;bi&#772; al-H&#803;alabi&#772;, [1938]</subfield><subfield code="w">(OCoLC)607779793</subfield></datafield><datafield ind1="0" ind2="8" tag="776"><subfield code="i">Print version:</subfield><subfield code="a">Ibn Abi&#772; Ya&#699;l&#697;a, Muh&#803;ammad ibn Muh&#803;ammad, 1059-1131.</subfield><subfield code="t">al-Ah&#803;ka&#772;m al-sult&#803;a&#772;ni&#772;yah</subfield><subfield code="w">(NNC)3059261</subfield><subfield code="w">(OCoLC)23516911</subfield></datafield><datafield ind1="4" ind2="0" tag="856"><subfield code="u">http://hdl.handle.net/2333.1/ngf1vkvz</subfield></datafield><datafield ind1="1" ind2=" " tag="880"><subfield code="6">100-01/r</subfield><subfield code="a">&#1575;&#1576;&#1606; &#1575;&#1576;&#1610; &#1610;&#1593;&#1604;&#1609; &#1548;&#1605;&#1581;&#1605;&#1583; &#1576;&#1606; &#1605;&#1581;&#1605;&#1583;&#1548;,</subfield><subfield code="d">&#1633;&#1632;&#1637;&#1641;-&#1633;&#1633;&#1635;&#1633;.</subfield></datafield><datafield ind1="1" ind2="2" tag="880"><subfield code="6">245-02/r</subfield><subfield code="a">&#1575;&#1604;&#1575;&#1581;&#1603;&#1575;&#1605; &#1575;&#1604;&#1587;&#1604;&#1591;&#1575;&#1606;&#1610;&#1577;/</subfield><subfield code="c">&#1604;&#1575;&#1576;&#1610; &#1610;&#1593;&#1575;&#1609;.</subfield></datafield><datafield ind1=" " ind2=" " tag="880"><subfield code="6">260-03/r</subfield><subfield code="a">&#1575;&#1604;&#1602;&#1575;&#1607;&#1585;&#1577;:</subfield><subfield code="b">&#1605;&#1589;&#1591;&#1601;&#1609; &#1575;&#1604;&#1576;&#1575;&#1576;&#1610; &#1575;&#1604;&#1581;&#1604;&#1576;&#1610; &#1548;</subfield><subfield code="c">(&#1633;&#1641;&#1635;&#1640;)</subfield></datafield><datafield ind1=" " ind2=" " tag="959"><subfield code="a">NNU</subfield><subfield code="b">WEB</subfield><subfield code="c">GENI</subfield><subfield code="t">0</subfield><subfield code="m">Electronic access</subfield><subfield code="s">01</subfield></datafield><datafield ind1=" " ind2=" " tag="999"><subfield code="i">NNC_3059261</subfield><subfield code="o">(OCoLC)ocm23516911 </subfield><subfield code="s">columbia_aco000329</subfield></datafield></record>